<?xml version="1.0" encoding="UTF-8"?>
<record>
  <leader>01098nam#a2200337#c#4500</leader>
  <controlfield tag="005">20210629073800.0</controlfield>
  <controlfield tag="007">tu</controlfield>
  <controlfield tag="008">040511|2005####gw#####|######|1|#u#ger#c</controlfield>
  <controlfield tag="003">DE-605</controlfield>
  <controlfield tag="001">990126276700206441</controlfield>
  <datafield tag="015" ind1=" " ind2=" ">
    <subfield code="a">05,A32,0161</subfield>
    <subfield code="z">04,N21,0956</subfield>
    <subfield code="2">dnb</subfield>
  </datafield>
  <datafield tag="016" ind1="7" ind2=" ">
    <subfield code="a">238307096</subfield>
    <subfield code="2">OCoLC</subfield>
  </datafield>
  <datafield tag="020" ind1=" " ind2=" ">
    <subfield code="a">3770538471</subfield>
    <subfield code="c">Kt. : ca. EUR 42.90, ca. CHF 74.00</subfield>
    <subfield code="9">3-7705-3847-1</subfield>
  </datafield>
  <datafield tag="024" ind1="3" ind2=" ">
    <subfield code="a">9783770538478</subfield>
  </datafield>
  <datafield tag="035" ind1=" " ind2=" ">
    <subfield code="a">(DE-605)HT014015351</subfield>
  </datafield>
  <datafield tag="040" ind1=" " ind2=" ">
    <subfield code="a">61</subfield>
    <subfield code="b">ger</subfield>
    <subfield code="c">292</subfield>
    <subfield code="d">468</subfield>
    <subfield code="e">rakddb</subfield>
    <subfield code="d">DE-605</subfield>
  </datafield>
  <datafield tag="041" ind1=" " ind2=" ">
    <subfield code="a">ger</subfield>
  </datafield>
  <datafield tag="044" ind1=" " ind2=" ">
    <subfield code="c">XA-DE</subfield>
  </datafield>
  <datafield tag="090" ind1=" " ind2=" ">
    <subfield code="h">h</subfield>
  </datafield>
  <datafield tag="245" ind1="0" ind2="0">
    <subfield code="a">Spuren, Lektüren</subfield>
    <subfield code="b">Praktiken des Symbolischen ; [Festschrift für Ludwig Jäger zum 60. Geburtstag]</subfield>
    <subfield code="c">hrsg. von Gisela Fehrmann ...</subfield>
  </datafield>
  <datafield tag="264" ind1=" " ind2="1">
    <subfield code="a">München</subfield>
    <subfield code="b">Fink</subfield>
    <subfield code="c">2005</subfield>
  </datafield>
  <datafield tag="300" ind1=" " ind2=" ">
    <subfield code="a">324 S. : Ill.</subfield>
  </datafield>
  <datafield tag="689" ind1="0" ind2="0">
    <subfield code="a">Abbild</subfield>
    <subfield code="D">s</subfield>
    <subfield code="0">(DE-588)4604932-0</subfield>
    <subfield code="0">https://portal.dnb.de/opac.htm?method=simpleSearch&amp;cqlMode=true&amp;query=idn=959755624</subfield>
    <subfield code="0">http://viaf.org/viaf/sourceID/DNB|959755624</subfield>
    <subfield code="B">GND-959755624</subfield>
  </datafield>
  <datafield tag="689" ind1="0" ind2="1">
    <subfield code="a">Symbolik</subfield>
    <subfield code="D">s</subfield>
    <subfield code="0">(DE-588)4184194-3</subfield>
    <subfield code="0">https://portal.dnb.de/opac.htm?method=simpleSearch&amp;cqlMode=true&amp;query=idn=041841948</subfield>
    <subfield code="0">http://viaf.org/viaf/sourceID/DNB|041841948</subfield>
    <subfield code="B">GND-041841948</subfield>
  </datafield>
  <datafield tag="964" ind1="0" ind2="s">
    <subfield code="F">051</subfield>
    <subfield code="A">mf||z|||</subfield>
  </datafield>
  <datafield tag="964" ind1="0" ind2="s">
    <subfield code="F">030</subfield>
    <subfield code="A">a|1uaz|z|||37</subfield>
  </datafield>
  <datafield tag="964" ind1="0" ind2="s">
    <subfield code="F">050</subfield>
    <subfield code="A">a|a|||||||||||</subfield>
  </datafield>
  <datafield tag="035" ind1=" " ind2=" ">
    <subfield code="a">(OCoLC)238307096</subfield>
  </datafield>
  <datafield tag="035" ind1=" " ind2=" ">
    <subfield code="a">(DE-599)HBZHT014015351</subfield>
  </datafield>
  <datafield tag="700" ind1="1" ind2=" ">
    <subfield code="a">Fehrmann, Gisela</subfield>
    <subfield code="4">edt</subfield>
  </datafield>
  <datafield tag="700" ind1="1" ind2=" ">
    <subfield code="a">Jäger, Ludwig</subfield>
    <subfield code="d">1943-</subfield>
    <subfield code="0">(DE-588)136788548</subfield>
    <subfield code="4">hnr</subfield>
    <subfield code="0">https://portal.dnb.de/opac.htm?method=simpleSearch&amp;cqlMode=true&amp;query=idn=136788548</subfield>
    <subfield code="0">http://viaf.org/viaf/sourceID/DNB|136788548</subfield>
    <subfield code="B">GND-136788548</subfield>
  </datafield>
  <datafield tag="655" ind1=" " ind2="7">
    <subfield code="a">Aufsatzsammlung</subfield>
    <subfield code="0">(DE-588)4143413-4</subfield>
    <subfield code="2">gnd-content</subfield>
  </datafield>
  <datafield tag="MBD" ind1=" " ind2=" ">
    <subfield code="M">49HBZ_NETWORK</subfield>
    <subfield code="i">990126276700206441</subfield>
    <subfield code="n">HBZ Network</subfield>
  </datafield>
  <datafield tag="MBD" ind1=" " ind2=" ">
    <subfield code="M">49HBZ_WUP</subfield>
    <subfield code="i">990008935640206447</subfield>
    <subfield code="n">Bergische Universität Wuppertal</subfield>
  </datafield>
  <datafield tag="MBD" ind1=" " ind2=" ">
    <subfield code="M">49HBZ_FDO</subfield>
    <subfield code="i">991002763599706451</subfield>
    <subfield code="n">Fachhochschule Dortmund</subfield>
  </datafield>
  <datafield tag="MBD" ind1=" " ind2=" ">
    <subfield code="M">49HBZ_FUH</subfield>
    <subfield code="i">990009680830106464</subfield>
    <subfield code="n">Fernuniversität Hagen</subfield>
  </datafield>
  <datafield tag="MBD" ind1=" " ind2=" ">
    <subfield code="M">49HBZ_RTU</subfield>
    <subfield code="i">990007492270107476</subfield>
    <subfield code="n">RPTU Kaiserslautern-Landau</subfield>
  </datafield>
  <datafield tag="MBD" ind1=" " ind2=" ">
    <subfield code="M">49HBZ_UBA</subfield>
    <subfield code="i">991019427049706448</subfield>
    <subfield code="n">RWTH Aachen</subfield>
  </datafield>
  <datafield tag="MBD" ind1=" " ind2=" ">
    <subfield code="M">49HBZ_ULB</subfield>
    <subfield code="i">991036772669706467</subfield>
    <subfield code="n">Universitaet Bonn</subfield>
  </datafield>
  <datafield tag="MBD" ind1=" " ind2=" ">
    <subfield code="M">49HBZ_BIE</subfield>
    <subfield code="i">991003836029706442</subfield>
    <subfield code="n">Universität Bielefeld</subfield>
  </datafield>
  <datafield tag="MBD" ind1=" " ind2=" ">
    <subfield code="M">49HBZ_UBO</subfield>
    <subfield code="i">991021758979706471</subfield>
    <subfield code="n">Universität Bochum</subfield>
  </datafield>
  <datafield tag="MBD" ind1=" " ind2=" ">
    <subfield code="M">49HBZ_DUE</subfield>
    <subfield code="i">990015817430206443</subfield>
    <subfield code="n">Universität Düsseldorf</subfield>
  </datafield>
  <datafield tag="MBD" ind1=" " ind2=" ">
    <subfield code="M">49HBZ_UBK</subfield>
    <subfield code="i">991053734499706476</subfield>
    <subfield code="n">Universität Köln</subfield>
  </datafield>
  <datafield tag="MBD" ind1=" " ind2=" ">
    <subfield code="M">49HBZ_ULM</subfield>
    <subfield code="i">991002163919706449</subfield>
    <subfield code="n">Universität Münster</subfield>
  </datafield>
  <datafield tag="MBD" ind1=" " ind2=" ">
    <subfield code="M">49HBZ_SIE</subfield>
    <subfield code="i">990010072700106462</subfield>
    <subfield code="n">Universität Siegen</subfield>
  </datafield>
  <datafield tag="MNG" ind1=" " ind2=" ">
    <subfield code="c">System</subfield>
    <subfield code="f">HBZ</subfield>
    <subfield code="i">marc21</subfield>
    <subfield code="h">20210629073800.0</subfield>
    <subfield code="k">01</subfield>
    <subfield code="e">false</subfield>
    <subfield code="d">2023-04-07 10:42:07 Europe/Berlin</subfield>
    <subfield code="g">012627670-HBZ01</subfield>
    <subfield code="j">60</subfield>
    <subfield code="a">import</subfield>
    <subfield code="b">2021-04-05 23:12:18 Europe/Berlin</subfield>
  </datafield>
  <datafield tag="H52" ind1=" " ind2=" ">
    <subfield code="b">W0001</subfield>
    <subfield code="c">11</subfield>
    <subfield code="h"/>
    <subfield code="8">22148746040006447</subfield>
  </datafield>
  <datafield tag="HOL" ind1=" " ind2=" ">
    <subfield code="b">2021-04-06 09:04:56</subfield>
    <subfield code="8">22148746040006447</subfield>
    <subfield code="M">49HBZ_WUP</subfield>
    <subfield code="g">false</subfield>
    <subfield code="a">import</subfield>
  </datafield>
  <datafield tag="ITM" ind1=" " ind2=" ">
    <subfield code="H">22148746040006447</subfield>
    <subfield code="x">11</subfield>
    <subfield code="f">BOOK</subfield>
    <subfield code="v">11</subfield>
    <subfield code="p">11</subfield>
    <subfield code="X">System</subfield>
    <subfield code="U">2005-04-25 12:59:00 Europe/Berlin</subfield>
    <subfield code="Y">2021-04-06 11:05:36 Europe/Berlin</subfield>
    <subfield code="h">false</subfield>
    <subfield code="n">BJHJ1028</subfield>
    <subfield code="M">49HBZ_WUP</subfield>
    <subfield code="s">1</subfield>
    <subfield code="d">#</subfield>
    <subfield code="V">import</subfield>
    <subfield code="b">W00020777</subfield>
    <subfield code="a">23148746030006447</subfield>
    <subfield code="t">8</subfield>
    <subfield code="R">Maintenance count: 004</subfield>
    <subfield code="B">2005/325</subfield>
    <subfield code="D">20050425</subfield>
    <subfield code="W">2005-04-25 02:00:00 Europe/Berlin</subfield>
    <subfield code="u">W0001</subfield>
    <subfield code="w">W0001</subfield>
  </datafield>
  <datafield tag="H52" ind1="8" ind2=" ">
    <subfield code="b">MOP</subfield>
    <subfield code="c">MOP_Haupt</subfield>
    <subfield code="h">KKZJ 1</subfield>
    <subfield code="8">2246678160006451</subfield>
  </datafield>
  <datafield tag="HOL" ind1=" " ind2=" ">
    <subfield code="b">2022-07-19 14:13:38</subfield>
    <subfield code="8">2246678160006451</subfield>
    <subfield code="M">49HBZ_FDO</subfield>
    <subfield code="g">false</subfield>
    <subfield code="a">import</subfield>
  </datafield>
  <datafield tag="ITM" ind1=" " ind2=" ">
    <subfield code="H">2246678160006451</subfield>
    <subfield code="x">MOP_Haupt</subfield>
    <subfield code="f">BOOK</subfield>
    <subfield code="v">MOP_Haupt</subfield>
    <subfield code="p">ZZZ</subfield>
    <subfield code="X">System</subfield>
    <subfield code="U">2022-07-19 12:59:00 Europe/Berlin</subfield>
    <subfield code="Y">2022-12-22 13:42:07 Europe/Berlin</subfield>
    <subfield code="h">false</subfield>
    <subfield code="n">KKZJ 1</subfield>
    <subfield code="G">1</subfield>
    <subfield code="M">49HBZ_FDO</subfield>
    <subfield code="s">1</subfield>
    <subfield code="d">8</subfield>
    <subfield code="V">import</subfield>
    <subfield code="L">SISIS-Ausleihzähler 2022: 0 | SISIS-Ausleihzähler 2021: 0 | SISIS-Ausleihzähler 2020: 0 | Gesamtausleihen SISIS: 2 | SISIS-Vormerkzähler 2022: 0</subfield>
    <subfield code="b">90745439</subfield>
    <subfield code="N">SISIS-letzte Rückgabe: 2014-05-02 | SISIS-vorletzte Rückgabe: 2009-04-09 | FL-Konditionen: 0 | HT-Nummer des Titelsatzes: HT014015351 | SISIS-Aufnahmedatum: 2009-04-01</subfield>
    <subfield code="a">2346678150006451</subfield>
    <subfield code="c">KKZJ 1</subfield>
    <subfield code="B">200902-161</subfield>
    <subfield code="W">2022-07-19 16:13:38 Europe/Berlin</subfield>
    <subfield code="u">MOP</subfield>
    <subfield code="w">MOP</subfield>
  </datafield>
  <datafield tag="H52" ind1=" " ind2=" ">
    <subfield code="b">F0001</subfield>
    <subfield code="c">00</subfield>
    <subfield code="8">2290329440006464</subfield>
  </datafield>
  <datafield tag="HOL" ind1=" " ind2=" ">
    <subfield code="b">2022-07-04 10:37:12</subfield>
    <subfield code="8">2290329440006464</subfield>
    <subfield code="M">49HBZ_FUH</subfield>
    <subfield code="g">false</subfield>
    <subfield code="a">import</subfield>
  </datafield>
  <datafield tag="ITM" ind1=" " ind2=" ">
    <subfield code="H">2290329440006464</subfield>
    <subfield code="x">00</subfield>
    <subfield code="f">BOOK</subfield>
    <subfield code="v">00</subfield>
    <subfield code="p">10</subfield>
    <subfield code="X">System</subfield>
    <subfield code="U">2014-04-08 12:59:00 Europe/Berlin</subfield>
    <subfield code="Y">2022-07-04 12:38:43 Europe/Berlin</subfield>
    <subfield code="h">false</subfield>
    <subfield code="n">BJHJ/JAE</subfield>
    <subfield code="P">01///</subfield>
    <subfield code="M">49HBZ_FUH</subfield>
    <subfield code="s">1</subfield>
    <subfield code="d">#</subfield>
    <subfield code="V">import</subfield>
    <subfield code="b">140533301</subfield>
    <subfield code="a">2390329400006464</subfield>
    <subfield code="R">Maintenance count: 001</subfield>
    <subfield code="S">FUH-71430</subfield>
    <subfield code="B">14/5333</subfield>
    <subfield code="D">20140903</subfield>
    <subfield code="W">2014-04-08 02:00:00 Europe/Berlin</subfield>
    <subfield code="u">F0001</subfield>
    <subfield code="w">F0001</subfield>
  </datafield>
  <datafield tag="H52" ind1="8" ind2=" ">
    <subfield code="b">RL002</subfield>
    <subfield code="c">FHULD</subfield>
    <subfield code="h">deu 503-109</subfield>
    <subfield code="8">2280082250007476</subfield>
  </datafield>
  <datafield tag="HOL" ind1=" " ind2=" ">
    <subfield code="b">2022-07-12 10:23:07</subfield>
    <subfield code="8">2280082250007476</subfield>
    <subfield code="M">49HBZ_RTU</subfield>
    <subfield code="g">false</subfield>
    <subfield code="a">import</subfield>
  </datafield>
  <datafield tag="ITM" ind1=" " ind2=" ">
    <subfield code="H">2280082250007476</subfield>
    <subfield code="x">FHULD</subfield>
    <subfield code="f">BOOK</subfield>
    <subfield code="v">FHULD</subfield>
    <subfield code="p">10</subfield>
    <subfield code="X">System</subfield>
    <subfield code="U">2012-10-10 12:59:00 Europe/Berlin</subfield>
    <subfield code="Y">2022-07-12 12:24:13 Europe/Berlin</subfield>
    <subfield code="h">false</subfield>
    <subfield code="n">deu 503-109a</subfield>
    <subfield code="M">49HBZ_RTU</subfield>
    <subfield code="s">1</subfield>
    <subfield code="d">8</subfield>
    <subfield code="V">import</subfield>
    <subfield code="b">C372365</subfield>
    <subfield code="a">2380082230007476</subfield>
    <subfield code="t">8</subfield>
    <subfield code="R">Maintenance count: 002</subfield>
    <subfield code="c">deu 503-109</subfield>
    <subfield code="S">LD-53127</subfield>
    <subfield code="B">L2012/6826</subfield>
    <subfield code="D">20121030</subfield>
    <subfield code="W">2012-10-10 02:00:00 Europe/Berlin</subfield>
    <subfield code="u">RL002</subfield>
    <subfield code="w">RL002</subfield>
  </datafield>
  <datafield tag="ITM" ind1=" " ind2=" ">
    <subfield code="H">2280082250007476</subfield>
    <subfield code="x">FHULD</subfield>
    <subfield code="f">BOOK</subfield>
    <subfield code="v">FHULD</subfield>
    <subfield code="p">10</subfield>
    <subfield code="X">System</subfield>
    <subfield code="U">2012-10-10 12:59:00 Europe/Berlin</subfield>
    <subfield code="Y">2022-07-12 12:24:13 Europe/Berlin</subfield>
    <subfield code="h">false</subfield>
    <subfield code="n">deu 503-109</subfield>
    <subfield code="M">49HBZ_RTU</subfield>
    <subfield code="s">1</subfield>
    <subfield code="d">8</subfield>
    <subfield code="V">import</subfield>
    <subfield code="b">C372366</subfield>
    <subfield code="a">2380082240007476</subfield>
    <subfield code="t">8</subfield>
    <subfield code="R">Maintenance count: 003</subfield>
    <subfield code="c">deu 503-109</subfield>
    <subfield code="S">LD-53127</subfield>
    <subfield code="B">L2012/6825</subfield>
    <subfield code="D">20121030</subfield>
    <subfield code="W">2012-10-10 02:00:00 Europe/Berlin</subfield>
    <subfield code="u">RL002</subfield>
    <subfield code="w">RL002</subfield>
  </datafield>
  <datafield tag="H52" ind1="8" ind2=" ">
    <subfield code="b">609</subfield>
    <subfield code="c">0</subfield>
    <subfield code="8">22232408520006448</subfield>
  </datafield>
  <datafield tag="HOL" ind1=" " ind2=" ">
    <subfield code="b">2022-07-20 21:39:40</subfield>
    <subfield code="8">22232408520006448</subfield>
    <subfield code="M">49HBZ_UBA</subfield>
    <subfield code="g">false</subfield>
    <subfield code="a">import</subfield>
  </datafield>
  <datafield tag="ITM" ind1=" " ind2=" ">
    <subfield code="H">22232408520006448</subfield>
    <subfield code="x">0</subfield>
    <subfield code="f">BOOK</subfield>
    <subfield code="v">0</subfield>
    <subfield code="p">Praesenzexemplar</subfield>
    <subfield code="X">System</subfield>
    <subfield code="U">2022-07-20 12:59:00 Europe/Berlin</subfield>
    <subfield code="Y">2022-07-20 23:40:18 Europe/Berlin</subfield>
    <subfield code="h">false</subfield>
    <subfield code="n">609:1.6 JAE</subfield>
    <subfield code="G">1</subfield>
    <subfield code="M">49HBZ_UBA</subfield>
    <subfield code="s">1</subfield>
    <subfield code="d">8</subfield>
    <subfield code="V">import</subfield>
    <subfield code="L">Interne Fusszeile: Inventarnummer: B/P 12737 | Magazinetage: 0</subfield>
    <subfield code="b">609:025732</subfield>
    <subfield code="O">Ausleihzähler Migrationsjahr: 0 | Ausleihzähler Vor-Migrationsjahr: 0 | Ausleihzähler vorletztes Migrationsjahr: 0 | Vormerkzähler Migrationsjahr: 0 | Buchdaten-Aufnahmedatum: 2018-07-20</subfield>
    <subfield code="N">Fernleihkonditionen: 3</subfield>
    <subfield code="a">23232408510006448</subfield>
    <subfield code="t">8</subfield>
    <subfield code="W">2022-07-20 23:39:40 Europe/Berlin</subfield>
    <subfield code="u">609</subfield>
    <subfield code="w">609</subfield>
  </datafield>
  <datafield tag="H52" ind1="#" ind2=" ">
    <subfield code="b">0</subfield>
    <subfield code="c">0-Frei1</subfield>
    <subfield code="h">2010/1208</subfield>
    <subfield code="8">22261735320006467</subfield>
  </datafield>
  <datafield tag="HOL" ind1=" " ind2=" ">
    <subfield code="b">2023-07-24 08:59:21</subfield>
    <subfield code="8">22261735320006467</subfield>
    <subfield code="M">49HBZ_ULB</subfield>
    <subfield code="g">false</subfield>
    <subfield code="a">import</subfield>
  </datafield>
  <datafield tag="ITM" ind1=" " ind2=" ">
    <subfield code="H">22261735320006467</subfield>
    <subfield code="x">0-Frei1</subfield>
    <subfield code="f">BOOK</subfield>
    <subfield code="v">0-Frei1</subfield>
    <subfield code="X">AMO_TL2_FIX</subfield>
    <subfield code="U">2023-07-23 12:59:00 Europe/Berlin</subfield>
    <subfield code="Y">2023-07-25 08:01:39 Europe/Berlin</subfield>
    <subfield code="h">false</subfield>
    <subfield code="n">2010/1208</subfield>
    <subfield code="G">1</subfield>
    <subfield code="M">49HBZ_ULB</subfield>
    <subfield code="s">1</subfield>
    <subfield code="d">#</subfield>
    <subfield code="V">import</subfield>
    <subfield code="L">sb</subfield>
    <subfield code="b">2010/1208</subfield>
    <subfield code="O">SISIS-Ausleihzähler Migrationsjahr: 0 | SISIS-Ausleihzähler Vor-Migrationsjahr: 0 | SISIS-Ausleihzähler vorletztes Migrationsjahr: 0 | SISIS-Vormerkzähler Migrationsjahr: 0 | SISIS-vorletztes Rückgabedatum: 2015-09-21 | SISIS-Buchdaten-Aufnahmedatum: 2010-02-22</subfield>
    <subfield code="N">SISIS-ULBSystematik: 2002 | SISIS-Magazindrucker: 0 | SISIS-Fernleihkonditionen: 0 | SISIS-Medientyp: 0 | Sigel: 5 | SISIS-Entleihbarkeit: S | SISIS-Zweigstelle: 0</subfield>
    <subfield code="a">23261735310006467</subfield>
    <subfield code="c">2010/1208</subfield>
    <subfield code="W">2023-07-24 10:59:21 Europe/Berlin</subfield>
    <subfield code="u">0</subfield>
    <subfield code="w">0</subfield>
  </datafield>
  <datafield tag="H52" ind1="8" ind2=" ">
    <subfield code="b">UB_BI</subfield>
    <subfield code="c">156_Mono</subfield>
    <subfield code="h">OH058 S7L5</subfield>
    <subfield code="8">22264458330006442</subfield>
  </datafield>
  <datafield tag="HOL" ind1=" " ind2=" ">
    <subfield code="b">2021-04-19 05:07:37</subfield>
    <subfield code="8">22264458330006442</subfield>
    <subfield code="M">49HBZ_BIE</subfield>
    <subfield code="g">false</subfield>
    <subfield code="a">import</subfield>
  </datafield>
  <datafield tag="ITM" ind1=" " ind2=" ">
    <subfield code="H">22264458330006442</subfield>
    <subfield code="x">156_Mono</subfield>
    <subfield code="f">BOOK</subfield>
    <subfield code="v">156_Mono</subfield>
    <subfield code="p">item_08</subfield>
    <subfield code="X">Cutover_Fix_OSID</subfield>
    <subfield code="U">2021-04-18 12:59:00 Europe/Berlin</subfield>
    <subfield code="Y">2021-04-19 07:08:03 Europe/Berlin</subfield>
    <subfield code="h">false</subfield>
    <subfield code="M">49HBZ_BIE</subfield>
    <subfield code="s">1</subfield>
    <subfield code="d">8</subfield>
    <subfield code="V">import</subfield>
    <subfield code="L">Abteilung/Standort/Haushaltsstufe: 15 | SISIS-Magazindrucker: 0 | HBZ01: HT014015351 | Keine Beilagen: 1</subfield>
    <subfield code="b">158/4162880+01</subfield>
    <subfield code="O">SISIS-Ausleihzähler vorletztes Migrationsjahr: 0 | SISIS-Vormerkzähler Migrationsjahr: 0 | SISIS-vorletztes Rückgabedatum: 2014-08-12 | SISIS-Buchdaten-Aufnahmedatum: 2005-04-25</subfield>
    <subfield code="N">Fernleihkonditionen: 0 | Sigel: 361 | Klassifikation: 156_Mono | Altersbegrenzung: 0 | SISIS-Ausleihzähler Migrationsjahr: 0 | SISIS-Ausleihzähler Vor-Migrationsjahr: 0</subfield>
    <subfield code="a">23264458310006442</subfield>
    <subfield code="c">OH058 S7L5</subfield>
    <subfield code="W">2021-04-19 07:07:37 Europe/Berlin</subfield>
    <subfield code="u">UB_BI</subfield>
    <subfield code="w">UB_BI</subfield>
  </datafield>
  <datafield tag="H52" ind1="8" ind2=" ">
    <subfield code="b">UB</subfield>
    <subfield code="c">UB_G2B4</subfield>
    <subfield code="h">IFB9657</subfield>
    <subfield code="8">22142334500006471</subfield>
  </datafield>
  <datafield tag="HOL" ind1=" " ind2=" ">
    <subfield code="b">2023-07-30 16:53:05</subfield>
    <subfield code="8">22142334500006471</subfield>
    <subfield code="M">49HBZ_UBO</subfield>
    <subfield code="g">false</subfield>
    <subfield code="a">import</subfield>
  </datafield>
  <datafield tag="ITM" ind1=" " ind2=" ">
    <subfield code="H">22142334500006471</subfield>
    <subfield code="x">UB_G2B4</subfield>
    <subfield code="f">BOOK</subfield>
    <subfield code="v">UB_G2B4</subfield>
    <subfield code="p">S</subfield>
    <subfield code="X">AMO_TL2_FIX</subfield>
    <subfield code="U">2023-07-30 12:59:00 Europe/Berlin</subfield>
    <subfield code="Y">2023-07-31 18:08:30 Europe/Berlin</subfield>
    <subfield code="h">false</subfield>
    <subfield code="n">IFB9657</subfield>
    <subfield code="G">1</subfield>
    <subfield code="M">49HBZ_UBO</subfield>
    <subfield code="s">1</subfield>
    <subfield code="d">8</subfield>
    <subfield code="V">import</subfield>
    <subfield code="L">HBZ01: HT014015351 | Anzahl  Beilagen: 1</subfield>
    <subfield code="b">IFB9657</subfield>
    <subfield code="O">SISIS-Vormerkzähler Migrationsjahr: 0 | SISIS-Buchdaten-Aufnahmedatum: 2008-05-23 | FussnoteIInt: 002*2548788* 42,90***Q 2005*WW;002*2548788* 42,90***Q 2005*WW;002*2548788* 42,90***Q 2005*WW</subfield>
    <subfield code="N">Sigel: 294 | Klassifikation: 605 | SISIS-Ausleihzähler Migrationsjahr: 0</subfield>
    <subfield code="a">23142334490006471</subfield>
    <subfield code="c">IFB9657</subfield>
    <subfield code="W">2023-07-30 18:53:05 Europe/Berlin</subfield>
    <subfield code="u">UB</subfield>
    <subfield code="w">UB</subfield>
  </datafield>
  <datafield tag="H52" ind1="8" ind2=" ">
    <subfield code="b">X0031</subfield>
    <subfield code="c">31</subfield>
    <subfield code="h">kulb100.s772</subfield>
    <subfield code="8">22303488690006443</subfield>
  </datafield>
  <datafield tag="HOL" ind1=" " ind2=" ">
    <subfield code="d">2022-02-25 17:13:40</subfield>
    <subfield code="8">22303488690006443</subfield>
    <subfield code="b">2021-04-01 12:23:45</subfield>
    <subfield code="M">49HBZ_DUE</subfield>
    <subfield code="g">false</subfield>
    <subfield code="a">import</subfield>
    <subfield code="c">System</subfield>
  </datafield>
  <datafield tag="ITM" ind1=" " ind2=" ">
    <subfield code="H">22303488690006443</subfield>
    <subfield code="x">31</subfield>
    <subfield code="f">BOOK</subfield>
    <subfield code="v">31</subfield>
    <subfield code="p">10</subfield>
    <subfield code="X">MOHRENU</subfield>
    <subfield code="U">2004-05-11 12:59:00 Europe/Berlin</subfield>
    <subfield code="Y">2021-09-08 10:59:22 Europe/Berlin</subfield>
    <subfield code="h">false</subfield>
    <subfield code="P">22/d/n/1</subfield>
    <subfield code="M">49HBZ_DUE</subfield>
    <subfield code="s">1</subfield>
    <subfield code="d">8</subfield>
    <subfield code="V">import</subfield>
    <subfield code="b">109927001</subfield>
    <subfield code="a">23303488680006443</subfield>
    <subfield code="R">Maintenance count: 011</subfield>
    <subfield code="c">kulb100.s772</subfield>
    <subfield code="S">ZB04-2537</subfield>
    <subfield code="D">20050420</subfield>
    <subfield code="W">2004-05-11 02:00:00 Europe/Berlin</subfield>
    <subfield code="u">X0031</subfield>
    <subfield code="w">X0031</subfield>
  </datafield>
  <datafield tag="H52" ind1=" " ind2=" ">
    <subfield code="b">38-405</subfield>
    <subfield code="c">38-405-BIB</subfield>
    <subfield code="8">22267503030006476</subfield>
  </datafield>
  <datafield tag="HOL" ind1=" " ind2=" ">
    <subfield code="b">2023-08-22 13:52:56</subfield>
    <subfield code="8">22267503030006476</subfield>
    <subfield code="M">49HBZ_UBK</subfield>
    <subfield code="g">false</subfield>
    <subfield code="a">import</subfield>
  </datafield>
  <datafield tag="H52" ind1=" " ind2=" ">
    <subfield code="b">38-467</subfield>
    <subfield code="c">38-467-BIB</subfield>
    <subfield code="8">22267503010006476</subfield>
  </datafield>
  <datafield tag="HOL" ind1=" " ind2=" ">
    <subfield code="b">2023-08-22 13:52:56</subfield>
    <subfield code="8">22267503010006476</subfield>
    <subfield code="M">49HBZ_UBK</subfield>
    <subfield code="g">false</subfield>
    <subfield code="a">import</subfield>
  </datafield>
  <datafield tag="ITM" ind1=" " ind2=" ">
    <subfield code="H">22267503030006476</subfield>
    <subfield code="x">38-405-BIB</subfield>
    <subfield code="f">BOOK</subfield>
    <subfield code="v">38-405-BIB</subfield>
    <subfield code="p">X</subfield>
    <subfield code="X">AMO_HBZ_FIX</subfield>
    <subfield code="U">2023-08-21 12:59:00 Europe/Berlin</subfield>
    <subfield code="Y">2023-08-24 04:52:25 Europe/Berlin</subfield>
    <subfield code="h">false</subfield>
    <subfield code="n">405/K61460</subfield>
    <subfield code="G">1</subfield>
    <subfield code="M">49HBZ_UBK</subfield>
    <subfield code="s">1</subfield>
    <subfield code="d">#</subfield>
    <subfield code="V">import</subfield>
    <subfield code="L">Inv.-Nr.: 997/2005B/PV</subfield>
    <subfield code="b">405/0019949</subfield>
    <subfield code="O">HBZ01: HT014015351 | Aufnahmedatum: 2017-03-06 | Klassifikation: 0</subfield>
    <subfield code="a">23267503020006476</subfield>
    <subfield code="W">2023-08-22 15:52:56 Europe/Berlin</subfield>
    <subfield code="u">38-405</subfield>
    <subfield code="w">38-405</subfield>
  </datafield>
  <datafield tag="ITM" ind1=" " ind2=" ">
    <subfield code="H">22267503010006476</subfield>
    <subfield code="x">38-467-BIB</subfield>
    <subfield code="f">BOOK</subfield>
    <subfield code="v">38-467-BIB</subfield>
    <subfield code="p">X</subfield>
    <subfield code="X">AMO_HBZ_FIX</subfield>
    <subfield code="U">2023-08-21 12:59:00 Europe/Berlin</subfield>
    <subfield code="Y">2023-08-24 04:52:25 Europe/Berlin</subfield>
    <subfield code="h">false</subfield>
    <subfield code="n">467/MT/Fe40</subfield>
    <subfield code="G">1</subfield>
    <subfield code="M">49HBZ_UBK</subfield>
    <subfield code="s">1</subfield>
    <subfield code="d">#</subfield>
    <subfield code="V">import</subfield>
    <subfield code="b">467/0000383</subfield>
    <subfield code="O">HBZ01: HT014015351 | Aufnahmedatum: 2021-06-29 | Klassifikation: 0</subfield>
    <subfield code="a">23267503000006476</subfield>
    <subfield code="W">2023-08-22 15:52:56 Europe/Berlin</subfield>
    <subfield code="u">38-467</subfield>
    <subfield code="w">38-467</subfield>
  </datafield>
  <datafield tag="H52" ind1="8" ind2=" ">
    <subfield code="b">ZB</subfield>
    <subfield code="c">ZB_FHM1</subfield>
    <subfield code="h">3H 83949</subfield>
    <subfield code="8">22535410650006449</subfield>
  </datafield>
  <datafield tag="HOL" ind1=" " ind2=" ">
    <subfield code="b">2022-07-11 10:18:56</subfield>
    <subfield code="8">22535410650006449</subfield>
    <subfield code="M">49HBZ_ULM</subfield>
    <subfield code="g">false</subfield>
    <subfield code="a">import</subfield>
  </datafield>
  <datafield tag="ITM" ind1=" " ind2=" ">
    <subfield code="H">22535410650006449</subfield>
    <subfield code="x">ZB_FHM1</subfield>
    <subfield code="f">BOOK</subfield>
    <subfield code="v">ZB_FHM1</subfield>
    <subfield code="X">AMO_TL2_FIX</subfield>
    <subfield code="U">2022-07-10 12:59:00 Europe/Berlin</subfield>
    <subfield code="Y">2022-07-12 13:10:54 Europe/Berlin</subfield>
    <subfield code="h">false</subfield>
    <subfield code="Q">SISIS-Ausleihzähler Migrationsjahr: 0 | SISIS-Ausleihzähler Vor-Migrationsjahr: 0 | SISIS-Ausleihzähler vorletztes Migrationsjahr: 0</subfield>
    <subfield code="M">49HBZ_ULM</subfield>
    <subfield code="s">1</subfield>
    <subfield code="d">8</subfield>
    <subfield code="V">import</subfield>
    <subfield code="b">3H 83949</subfield>
    <subfield code="O">Fernleihkonditionen: 0</subfield>
    <subfield code="a">23535410630006449</subfield>
    <subfield code="R">DBS-Systematik: 31</subfield>
    <subfield code="c">3H 83949</subfield>
    <subfield code="W">2022-07-11 12:18:56 Europe/Berlin</subfield>
    <subfield code="u">ZB</subfield>
    <subfield code="w">ZB</subfield>
  </datafield>
  <datafield tag="H52" ind1="8" ind2=" ">
    <subfield code="b">S0001</subfield>
    <subfield code="c">AR2</subfield>
    <subfield code="8">2293572000006462</subfield>
  </datafield>
  <datafield tag="HOL" ind1=" " ind2=" ">
    <subfield code="b">2022-07-11 09:29:12</subfield>
    <subfield code="8">2293572000006462</subfield>
    <subfield code="M">49HBZ_SIE</subfield>
    <subfield code="g">false</subfield>
    <subfield code="a">import</subfield>
  </datafield>
  <datafield tag="ITM" ind1=" " ind2=" ">
    <subfield code="H">2293572000006462</subfield>
    <subfield code="x">AR2</subfield>
    <subfield code="f">BOOK</subfield>
    <subfield code="v">AR2</subfield>
    <subfield code="p">10</subfield>
    <subfield code="X">System</subfield>
    <subfield code="U">2005-10-13 12:59:00 Europe/Berlin</subfield>
    <subfield code="Y">2022-07-11 11:30:25 Europe/Berlin</subfield>
    <subfield code="h">false</subfield>
    <subfield code="n">21KKZJ1005</subfield>
    <subfield code="P">95///1</subfield>
    <subfield code="M">49HBZ_SIE</subfield>
    <subfield code="s">1</subfield>
    <subfield code="d">8</subfield>
    <subfield code="V">import</subfield>
    <subfield code="L">wa</subfield>
    <subfield code="b">21KKZJ1005</subfield>
    <subfield code="a">2393571990006462</subfield>
    <subfield code="t">8</subfield>
    <subfield code="R">Maintenance count: 008</subfield>
    <subfield code="S">67223</subfield>
    <subfield code="B">05/16462</subfield>
    <subfield code="D">20051018</subfield>
    <subfield code="W">2005-10-13 02:00:00 Europe/Berlin</subfield>
    <subfield code="u">S0001</subfield>
    <subfield code="w">S0001</subfield>
  </datafield>
  <datafield tag="GSI" ind1="7" ind2=" ">
    <subfield code="a">136788548</subfield>
    <subfield code="0">http://d-nb.info/gnd/136788548</subfield>
    <subfield code="2">gnd</subfield>
    <subfield code="A">GND</subfield>
    <subfield code="B">GND-136788548</subfield>
    <subfield code="C">024</subfield>
  </datafield>
  <datafield tag="GSI" ind1="7" ind2=" ">
    <subfield code="a">4184194-3</subfield>
    <subfield code="0">http://d-nb.info/gnd/4184194-3</subfield>
    <subfield code="2">gnd</subfield>
    <subfield code="A">GND</subfield>
    <subfield code="B">GND-041841948</subfield>
    <subfield code="C">024</subfield>
  </datafield>
  <datafield tag="GSI" ind1="7" ind2=" ">
    <subfield code="a">4604932-0</subfield>
    <subfield code="0">http://d-nb.info/gnd/4604932-0</subfield>
    <subfield code="2">gnd</subfield>
    <subfield code="A">GND</subfield>
    <subfield code="B">GND-959755624</subfield>
    <subfield code="C">024</subfield>
  </datafield>
</record>
